@misc {agile,
    title = "Principles behind the Agile Manifesto [Available]: https://agilemanifesto.org/principles.html"
}

@misc {scrum,
    title = "What is Scrum? [Available]: https://www.scrum.org/resources/what\-is\-scrum" 
}

@misc {waterfall,
    title = "Waterfall Model [Available]: https://www.sciencedirect.com/topics/computer\-science/waterfall\-model" 
}

@misc {mozillaNode,
    title="Express Node introduction Mozilla [Available]: https://developer.mozilla.org/en\-US/docs/Learn/Server\-side/Express\_Nodejs/Introduction"
}

@misc {reactredux,
    title="Getting started with React Redux [Available]: https://react-redux.js.org/introduction/getting-started"
}

@misc {reactangular,
    title="Points to consider before choosing React or Angular [Available]: https://www.dezvolta.com/blog/reactjs-vs-angularjs/"
}


@misc {reactDom,
    title="React virtual DOM [Available]: https://reactjs.org/docs/faq-internals.html"
}


@misc {express,
    title="Express getting started [Available]: https://expressjs.com/en/starter/installing.html"
}

@misc {heroku,
    title="How Heroku works [Available]: https://devcenter.heroku.com/articles/how-heroku-works"
}

@misc {firebase,
    title="Firebase [Available]: https://firebase.google.com/docs"
}

@misc {lighthouse,
    title="Lighthouse Testing [Available]: https://developers.google.com/web/tools/lighthouse/"
}